@book{handbook,
title = "Handbook of educational data mining",
abstract = "No abstract.",
author = "C. Romero and S. Ventura and M. Pechenizkiy and {Baker, de}, R.S.J.",
year = "2011",
language = "English",
isbn = "978-1-4398-045-7-5",
series = "Chapman and Hall/CRC data mining and knowledge discovery series",
publisher = "CRC Press",
}

@book{cormen,
  author    = {Thomas H. Cormen},
  title     = {Algorithms Unlocked},
  publisher = {{MIT} Press},
  year      = {2013},
  url       = {http://mitpress.mit.edu/books/algorithms-unlocked},
  isbn      = {978-0-262-51880-2},
  timestamp = {Wed, 12 Mar 2014 19:34:31 +0100},
  biburl    = {https://dblp.org/rec/bib/books/daglib/0032835},
  bibsource = {dblp computer science bibliography, https://dblp.org}
}

@book{mloreilly,
  title={Introduction to Machine Learning with Python: A Guide for Data Scientists},
  author={M{\"u}ller, A.C. and Guido, S.},
  isbn={9781449369415},
  lccn={2017394288},
  url={https://books.google.ru/books?id=qjUVogEACAAJ},
  year={2016},
  publisher={O'Reilly Media, Incorporated}
}

@book{mlbook,
editor="Sammut, Claude
and Webb, Geoffrey I.",
title="TF--IDF",
bookTitle="Encyclopedia of Machine Learning",
year="2010",
publisher="Springer US",
address="Boston, MA",
pages="986--987",
isbn="978-0-387-30164-8",
doi="10.1007/978-0-387-30164-8_832",
url="https://doi.org/10.1007/978-0-387-30164-8_832"
}

@book{alpaydin,
  added-at = {2017-05-07T15:25:31.000+0200},
  address = {Cambridge, MA},
  author = {Alpaydin, Ethem},
  biburl = {https://www.bibsonomy.org/bibtex/2697ffb3b7e245f062c40b55813b98038/flint63},
  edition = 3,
  file = {eBook:2014/Alpaydin14.pdf:PDF;MIT Press Product Page:http\://mitpress.mit.edu/books/introduction-machine-learning-third-edition:URL;Amazon Search inside:http\://www.amazon.de/gp/reader/0262028182/:URL},
  groups = {public},
  interhash = {b8ed4b7ec46b3996c8d0191703408181},
  intrahash = {697ffb3b7e245f062c40b55813b98038},
  isbn = {978-0-262-02818-9},
  keywords = {01801 105 mitpress book shelf ai data pattern recognition analysis learn algorithm},
  publisher = {MIT Press},
  series = {Adaptive Computation and Machine Learning},
  timestamp = {2018-04-16T11:46:29.000+0200},
  title = {Introduction to Machine Learning},
  username = {flint63},
  year = 2014
}

@book{manning,
 author = {Manning, Christopher D. and Raghavan, Prabhakar and Sch\"{u}tze, Hinrich},
 title = {Introduction to Information Retrieval},
 year = {2008},
 isbn = {0521865719, 9780521865715},
 publisher = {Cambridge University Press},
 address = {New York, NY, USA},
} 

@misc{sklearn,
  title = {Scikit-Learn},
  howpublished = {\url{http://scikit-learn.org/}},
  note = {Дата обращения: 07.04.2019}
}

@misc{jetbrains,
  title = {IntelliJ Labs},
  howpublished = {\url{https://www.jetbrains.com/company/}},
  note = {Дата обращения: 07.04.2019}
}

@misc{stepik,
  title = {Stepik, learning platform},
  howpublished = {\url{https://stepik.org/}},
  note = {Дата обращения: 07.04.2019}
}

@misc{coursera,
  title = {Coursera, learning platform},
  howpublished = {\url{https://coursera.org/}},
  note = {Дата обращения: 07.04.2019}
}

@misc{kotlin,
  title = {Kotlin, programming language},
  howpublished = {\url{https://kotlinlang.org/docs/}},
  note = {Дата обращения: 07.04.2019}
}

@misc{hyperskill,
  title = {Hyperskill, learning platform},
  howpublished = {\url{https://hyperskill.org/}},
  note = {Дата обращения: 07.04.2019}
}

@article{knowspaces,
author = {Doignon, Jean-Paul and Falmagne, Jean-Claude},
year = {2015},
month = {11},
pages = {},
title = {Knowledge Spaces and Learning Spaces}
}

@misc{adapython,
  title = {Adaptive Python},
  howpublished = {\url{https://stepik.org/course/568/}},
  note = {Дата обращения: 07.04.2019}
}

@misc{python,
  title = {Python},
  howpublished = {\url{https://www.python.org/about/}},
  note = {Дата обращения: 07.04.2019}
}

@misc{dot,
  title = {DOT language},
  howpublished = {\url{http://www.graphviz.org/about/}},
  note = {Дата обращения: 07.04.2019}
}

@misc{openpyxl,
  title = {openpyxl Python library},
  howpublished = {\url{https://openpyxl.readthedocs.io/en/stable/}},
  note = {Дата обращения: 07.04.2019}
}
@article{autograph,
author = {KERTKEIDKACHORN, Natthawut and ICHISE, Ryutaro},
year = {2018},
month = {01},
pages = {90-98},
title = {An Automatic Knowledge Graph Creation Framework from Natural Language Text},
volume = {E101.D},
journal = {IEICE Transactions on Information and Systems},
doi = {10.1587/transinf.2017SWP0006}
}

@article{pretty-printing, 
    author={L. F. {Rubin}}, 
    journal={IEEE Transactions on Software Engineering}, 
    title={Syntax-Directed Pretty Printing—A First Step Towards a Syntax-Directed Editor}, 
    year={1983}, 
    volume={SE-9}, 
    number={2}, 
    pages={119-127}, 
    doi={10.1109/TSE.1983.236456}, 
    ISSN={0098-5589}, 
    month={March},
}

@book{DesignPatterns,
 author = {Gamma, Erich and Helm, Richard and Johnson, Ralph and Vlissides, John},
 title = {Design Patterns: Elements of Reusable Object-oriented Software},
 year = {1995},
 isbn = {0-201-63361-2},
 publisher = {Addison-Wesley Longman Publishing Co., Inc.},
 address = {Boston, MA, USA},
} 

@misc{pandas,
  title = {pandas Python library},
  howpublished = {\url{https://pandas.pydata.org/about.html}},
  note = {Дата обращения: 07.04.2019}
}

@misc{ast,
  title = {ast Python library},
  howpublished = {\url{https://docs.python.org/3/library/ast.html}},
  note = {Дата обращения: 07.04.2019}
}

@misc{SPARQL,
  title = {SPARQL Query Language},
  howpublished = {\url{https://www.w3.org/TR/rdf-sparql-query/}},
  note = {Дата обращения: 07.04.2019}
}

@misc{wikidata,
  title = {Wikidata Knowledge Base},
  howpublished = {\url{https://www.wikidata.org/wiki/Wikidata:Introduction}},
  note = {Дата обращения: 07.04.2019}
}

@article{crispdm,
author = {Shearer, C},
year = {2000},
month = {01},
pages = {13-22},
title = {The CRISP-DM model: the new blueprint for data mining},
volume = {5},
journal = {J Data Warehouse}
}

@book{bloom,
  added-at = {2011-07-29T10:18:43.000+0200},
  address = {New York},
  author = {Bloom, B. S. and Engelhart, M. B. and Furst, E. J. and Hill, W. H. and Krathwohl, D. R.},
  biburl = {https://www.bibsonomy.org/bibtex/2824bf3e3329813e7eec00d9777882aac/mleidl},
  interhash = {099af9deb220d8451a8b26cc6360dc85},
  intrahash = {824bf3e3329813e7eec00d9777882aac},
  keywords = {bloom bloom1956 krathwohl1956 taxonomie taxonomy},
  location = {New York},
  priority = {2},
  publisher = {Longmans Green},
  timestamp = {2011-09-18T06:40:49.000+0200},
  title = {Taxonomy of educational objectives. The classification of educational goals. Handbook 1: Cognitive domain},
  year = 1956
}

@inproceedings{themegraph,
author = {Aggarwal, Nitish and Shekarpour, Saeedeh and Bhatia, Sumit and Sheth, Amit},
year = {2017},
month = {11},
pages = {},
title = {Knowledge Graphs: In Theory and Practice}
}

@misc{blackboard,
  title = {Blackboard Learn},
  howpublished = {\url{https://www.blackboard.com/about-us}},
  note = {Дата обращения: 07.04.2019}
}

@misc{paper44,
  author    = {S. Supraja and
               Kevin Hartman and
               Sivanagaraja Tatinati and
               Andy W. H. Khong},
  title     = {Toward the Automatic Labeling of Course Questions for Ensuring their
               Alignment with Learning Outcomes},
  booktitle = {Proceedings of the 10th International Conference on Educational Data
               Mining, {EDM} 2017, Wuhan, Hubei, China, June 25-28, 2017},
  year      = {2017},
  crossref  = {DBLP:conf/edm/2017},
  url       = {http://educationaldatamining.org/EDM2017/proc\_files/papers/paper\_44.pdf},
  timestamp = {Mon, 07 May 2018 15:02:51 +0200},
  biburl    = {https://dblp.org/rec/bib/conf/edm/SuprajaHTK17},
  bibsource = {dblp computer science bibliography, https://dblp.org}
}