@misc{docsvision,
  title = {DocsVision},
  howpublished = {\url{http://www.docsvision.com}},
  note = {Дата обращения: 07.05.2018}
}

@misc{digdes,
  title = {Digital Design},
  howpublished = {\url{https://digdes.ru/}},
  note = {Дата обращения: 07.05.2018}
}

@misc{uuidwiki,
  title = {UUID},
  howpublished = {\url{https://ru.wikipedia.org/wiki/UUID}},
  note = {Дата обращения: 07.05.2018}
}

@misc{yandex,
  title = {pymystem3},
  howpublished = {\url{https://github.com/nlpub/pymystem3/}},
  note = {Дата обращения: 07.05.2018}
}

@misc{nltk,
  title = {NLTK},
  howpublished = {\url{https://www.nltk.org/}},
  note = {Дата обращения: 07.05.2018}
}

@misc{sklearn,
  title = {Scikit-Learn},
  howpublished = {\url{http://scikit-learn.org/}},
  note = {Дата обращения: 07.05.2018}
}

@book{Manning,
 author = {Manning, Christopher D. and Raghavan, Prabhakar and Sch\"{u}tze, Hinrich},
 title = {Introduction to Information Retrieval},
 year = {2008},
 isbn = {0521865719, 9780521865715},
 publisher = {Cambridge University Press},
 address = {New York, NY, USA},
} 

@article{association-rule-first,
 author = {Agrawal, Rakesh and Imieli\'{n}ski, Tomasz and Swami, Arun},
 title = {Mining Association Rules Between Sets of Items in Large Databases},
 journal = {SIGMOD Rec.},
 issue_date = {June 1, 1993},
 volume = {22},
 number = {2},
 month = jun,
 year = {1993},
 issn = {0163-5808},
 pages = {207--216},
 numpages = {10},
 url = {http://doi.acm.org/10.1145/170036.170072},
 doi = {10.1145/170036.170072},
 acmid = {170072},
 publisher = {ACM},
 address = {New York, NY, USA},
}

@article{Churikov,
 author = {Никита Чуриков},
 title = {Предсказание атрибутов документов в системе документооборота},
 year = {2017},
}

@inproceedings{apriori-algorithm,
 author = {Agrawal, Rakesh and Srikant, Ramakrishnan},
 title = {Fast Algorithms for Mining Association Rules in Large Databases},
 booktitle = {Proceedings of the 20th International Conference on Very Large Data Bases},
 series = {VLDB '94},
 year = {1994},
 isbn = {1-55860-153-8},
 pages = {487--499},
 numpages = {13},
 url = {http://dl.acm.org/citation.cfm?id=645920.672836},
 acmid = {672836},
 publisher = {Morgan Kaufmann Publishers Inc.},
 address = {San Francisco, CA, USA},
} 

@book{mckinney,
  abstract = {Serves as an introduction to Python for data-intensive applications.},
  added-at = {2016-05-11T06:29:45.000+0200},
  address = {Beijing},
  author = {McKinney, Wes},
  biburl = {https://www.bibsonomy.org/bibtex/2957b733db0053e82b22b5b0656ad5de8/ytyoun},
  edition = {First},
  interhash = {0aa841da42cb1aabaed3afe6f88b5109},
  intrahash = {957b733db0053e82b22b5b0656ad5de8},
  isbn = {9781449319793 1449319793},
  keywords = {ipython numpy pandas python textbook},
  publisher = {O'Reilly},
  refid = {794362690},
  timestamp = {2016-05-11T06:29:45.000+0200},
  title = {Python for Data Analysis: Data Wrangling with Pandas, NumPy, and IPython},
  year = 2013
}

@inproceedings{Sharma,
 author = {Sharma, Meera and Kumari, Madhu and Singh, V. B.},
 title = {Bug Assignee Prediction Using Association Rule Mining},
 booktitle = {Proceedings, Part IV, of the 15th International Conference on Computational Science and Its Applications -- ICCSA 2015 - Volume 9158},
 year = {2015},
 isbn = {978-3-319-21409-2},
 pages = {444--457},
 numpages = {14},
 url = {http://dx.doi.org/10.1007/978-3-319-21410-8_35},
 doi = {10.1007/978-3-319-21410-8_35},
 acmid = {2990556},
 publisher = {Springer-Verlag New York, Inc.},
 address = {New York, NY, USA},
} 
